@inproceedings{seijen2014true,
  title={True online TD (lambda)},
  author={Seijen, Harm and Sutton, Rich},
  booktitle={International Conference on Machine Learning},
  pages={692--700},
  year={2014}
}

@inproceedings{van2009theoretical,
  title={A theoretical and empirical analysis of Expected Sarsa},
  author={Van Seijen, Harm and Van Hasselt, Hado and Whiteson, Shimon and Wiering, Marco},
  booktitle={Adaptive Dynamic Programming and Reinforcement Learning, 2009. ADPRL'09. IEEE Symposium on},
  pages={177--184},
  year={2009},
  organization={IEEE}
}


