@misc{OpenAI_dota,
	author = {OpenAI},
	year = {2018},
	title = {OpenAI Five},
	howpublished = {\url{https://blog.openai.com/openai-five/}},
	year = {2018}
}

@article{heess2017emergence,
	title={Emergence of locomotion behaviours in rich environments},
	author={Heess, Nicolas and Sriram, Srinivasan and Lemmon, Jay and Merel, Josh and Wayne, Greg and Tassa, Yuval and Erez, Tom and Wang, Ziyu and Eslami, SM and Riedmiller, Martin and others},
	journal={arXiv preprint arXiv:1707.02286},
	year={2017}
}

@article{garcia2015comprehensive,
	author    = {Javier Garc{\'{\i}}a and
	Fernando Fern{\'{a}}ndez},
	title     = {A comprehensive survey on safe reinforcement learning},
	journal   = {J. Mach. Learn. Res.},
	volume    = {16},
	pages     = {1437--1480},
	year      = {2015}
}

@article{amodei2016concrete,
	author    = {Dario Amodei and
	Chris Olah and
	Jacob Steinhardt and
	Paul F. Christiano and
	John Schulman and
	Dan Man{\'{e}}},
	title     = {Concrete Problems in {AI} Safety},
	journal   = {CoRR},
	volume    = {abs/1606.06565},
	year      = {2016}
}